@BOOK{PT_Zuse2010,
	AUTHOR = {Zuse, Konrad AND Bauer, Friedrich L. AND Zemanek, H.},
	YEAR = {2010},
	TITLE = {Der Computer - Mein Lebenswerk - },
	EDITION = {5. unver√§nd. Aufl.},
	ISBN = {978-3-642-12095-4},
	PUBLISHER = {Springer DE},
	ADDRESS = {Berlin},
}

@ONLINE{PT_NYTimes,
author = {Markoff, John},
title = {It Started Digital Wheels Turning {@ONLINE}},
month = nov,
year = {2011},
urldate = {31/10/2012},
url = {http://www.nytimes.com/2011/11/08/science/computer-experts-
building-1830s-babbage-analytical-engine.html}
}

@ONLINE{PT_TimBernersLee,
author = {unknown},
title = {Sir Tim Berners-Lee{@ONLINE}},
month = oct,
year = {2012},
urldate = {31/10/2012},
url = {http://www.computerhope.com/people/tim\_berners-lee.htm}
}